<?xml version="1.0"?>
<marc:records xmlns:marc="http://www.loc.gov/MARC21/slim" xmlns:xsi="http://www.w3.org/2001/XMLSchema-instance" xsi:schemaLocation="http://www.loc.gov/MARC21/slim http://www.loc.gov/standards/marcxml/schema/MARC21slim.xsd">
  <marc:record>
    <marc:leader>04322ntm a2200481Ia 4500</marc:leader>
    <marc:controlfield tag="001">9969495533503681</marc:controlfield>
    <marc:controlfield tag="005">20190703161610.0</marc:controlfield>
    <marc:controlfield tag="008">190702q18501899ii            000 0 heb d</marc:controlfield>
    <marc:datafield ind1=" " ind2=" " tag="035">
  <marc:subfield code="a">(OCoLC)1107052564</marc:subfield>
</marc:datafield>
    <marc:datafield ind1=" " ind2=" " tag="035">
  <marc:subfield code="a">(OCoLC)on1107052564</marc:subfield>
</marc:datafield>
    <marc:datafield ind1=" " ind2=" " tag="035">
  <marc:subfield code="a">(PU)6949553-penndb-Voyager</marc:subfield>
</marc:datafield>
    <marc:datafield ind1=" " ind2=" " tag="040">
  <marc:subfield code="a">PAU</marc:subfield>
  <marc:subfield code="b">eng</marc:subfield>
  <marc:subfield code="c">PAU</marc:subfield>
  <marc:subfield code="e">dacs</marc:subfield>
</marc:datafield>
    <marc:datafield ind1="1" ind2=" " tag="041">
  <marc:subfield code="a">heb</marc:subfield>
  <marc:subfield code="a">mal</marc:subfield>
</marc:datafield>
    <marc:datafield ind1=" " ind2="9" tag="099">
  <marc:subfield code="a">CAJS Rar Ms 504</marc:subfield>
</marc:datafield>
    <marc:datafield ind1="0" ind2=" " tag="130">
  <marc:subfield code="6">880-01</marc:subfield>
  <marc:subfield code="a">Midrash rabbah.</marc:subfield>
  <marc:subfield code="p">Lamentations</marc:subfield>
</marc:datafield>
    <marc:datafield ind1="1" ind2="0" tag="245">
  <marc:subfield code="6">880-02</marc:subfield>
  <marc:subfield code="a">Ekhah rabati &#x2BB;im targum Mal&#x2BC;ey&#x2BC;alam yehudit.</marc:subfield>
  <marc:subfield code="f">between 1850 and 1899.</marc:subfield>
</marc:datafield>
    <marc:datafield ind1=" " ind2=" " tag="300">
  <marc:subfield code="a">28 leaves :</marc:subfield>
  <marc:subfield code="b">paper ;</marc:subfield>
  <marc:subfield code="c">205 x 156 (170 x 138) mm bound to 210 x 170 mm.</marc:subfield>
</marc:datafield>
    <marc:datafield ind1=" " ind2=" " tag="500">
  <marc:subfield code="a">Ms. codex.</marc:subfield>
</marc:datafield>
    <marc:datafield ind1="4" ind2=" " tag="510">
  <marc:subfield code="a">Sassoon, D.S., Ohel Dawid: Descriptive catalogue of the Hebrew and Samaritan manuscripts in the Sassoon Library, London (London: Oxford University Press, 1932),</marc:subfield>
  <marc:subfield code="c">vol. 1, p. 48 (no. 447).</marc:subfield>
</marc:datafield>
    <marc:datafield ind1=" " ind2=" " tag="520">
  <marc:subfield code="a">This is a manuscript of the Midrash Lamentations with translation into Judeo-Malayalam, created in Cochin (today known as Kochi, a city on the south-west coast of India on the Laccadive Sea) by the small community of Cochini Jews during the later nineteenth century; Judeo-Malayalam was the only known Dravidian Jewish language at the time and it was the dialect of the Cochini Jews.  The text is from Midrash Ekhah rabah; see ibid., ed. Buber (Vilna: Romm Brothers, 1899), p. 24b. The manuscript is written on commercial lined paper (f. 2-12) and paper ruled in lead (f. 13-28). The layout of the manuscript is that Hebrew words are written with the Judeo-Malayalam portions following in a longer fashion to support the text of the Midrash. Since the words are spaced for easy diction and the translation corresponds to each element of Midrash text, the manuscript was likely meant to be used for recitation. Written in a square script with vocalizations immediately followed by Dravidian script on the same lines. Bound in a modern red cloth binding with a label on the spine. For the lines in Aramaic in the Midrash (f. 22v, 23r) there are minuscule Hebrew translations for two difficult words in Aramaic written over the Hebrew ("uve-k&#x323;ait&#x323;a," translated as "k&#x323;ayits," summer; and "uve-h&#x323;atsetse," translated as "h&#x323;ol," sand).</marc:subfield>
</marc:datafield>
    <marc:datafield ind1=" " ind2=" " tag="524">
  <marc:subfield code="a">UPenn CAJS Rar Ms 504.</marc:subfield>
</marc:datafield>
    <marc:datafield ind1=" " ind2=" " tag="546">
  <marc:subfield code="a">In Hebrew and Judeo-Malayalam.</marc:subfield>
</marc:datafield>
    <marc:datafield ind1="1" ind2=" " tag="561">
  <marc:subfield code="a">Formerly owned by David Solomon Sassoon (known as "ha-Nagid" or "the prince"), Mumbai (Catalogue of the Sassoon library, no. 447).</marc:subfield>
</marc:datafield>
    <marc:datafield ind1="1" ind2=" " tag="561">
  <marc:subfield code="a">Sold at auction at Sotheby&#x2019;s New York, Hebrew Manuscripts from the Collection of the Late David Solomon Sassoon (4 December 1984), lot 37.</marc:subfield>
</marc:datafield>
    <marc:datafield ind1="1" ind2=" " tag="561">
  <marc:subfield code="a">Sold by Kestenbaum and Company, sale 68 (7 April 2016), lot 185.</marc:subfield>
</marc:datafield>
    <marc:datafield ind1=" " ind2=" " tag="590">
  <marc:subfield code="a">Acquired for the Penn Libraries with assistance from the Elis &amp; Ruth Douer Endowed Fund.</marc:subfield>
</marc:datafield>
    <marc:datafield ind1=" " ind2=" " tag="590">
  <marc:subfield code="a">Kestenbaum auction, April 7, 2016. Lot 185.</marc:subfield>
</marc:datafield>
    <marc:datafield ind1=" " ind2="0" tag="650">
  <marc:subfield code="a">Judaism</marc:subfield>
  <marc:subfield code="z">India</marc:subfield>
  <marc:subfield code="x">Customs and practices.</marc:subfield>
</marc:datafield>
    <marc:datafield ind1=" " ind2="0" tag="650">
  <marc:subfield code="a">Midrash</marc:subfield>
  <marc:subfield code="v">Translations into Malayalam.</marc:subfield>
</marc:datafield>
    <marc:datafield ind1=" " ind2="7" tag="655">
  <marc:subfield code="a">Codices (bound manuscripts)</marc:subfield>
  <marc:subfield code="2">aat</marc:subfield>
</marc:datafield>
    <marc:datafield ind1=" " ind2="7" tag="655">
  <marc:subfield code="a">Manuscripts, Hebrew</marc:subfield>
  <marc:subfield code="y">19th century.</marc:subfield>
  <marc:subfield code="2">local</marc:subfield>
</marc:datafield>
    <marc:datafield ind1=" " ind2="7" tag="655">
  <marc:subfield code="a">Hymns.</marc:subfield>
  <marc:subfield code="2">aat</marc:subfield>
</marc:datafield>
    <marc:datafield ind1=" " ind2="7" tag="655">
  <marc:subfield code="a">Translations (documents)</marc:subfield>
  <marc:subfield code="2">aat</marc:subfield>
</marc:datafield>
    <marc:datafield ind1=" " ind2="0" tag="655">
  <marc:subfield code="a">Manuscripts, Indic.</marc:subfield>
</marc:datafield>
    <marc:datafield ind1=" " ind2="0" tag="655">
  <marc:subfield code="a">Manuscripts, Malayalam.</marc:subfield>
</marc:datafield>
    <marc:datafield ind1="1" ind2=" " tag="700">
  <marc:subfield code="6">880-03</marc:subfield>
  <marc:subfield code="a">Sassoon, David Solomon,</marc:subfield>
  <marc:subfield code="d">1880-1942,</marc:subfield>
  <marc:subfield code="e">former owner.</marc:subfield>
</marc:datafield>
    <marc:datafield ind1="2" ind2=" " tag="710">
  <marc:subfield code="a">Elis &amp; Ruth Douer Endowed Fund.</marc:subfield>
  <marc:subfield code="5">PU</marc:subfield>
</marc:datafield>
    <marc:datafield ind1="0" ind2="0" tag="773">
  <marc:subfield code="t">Elis &amp; Ruth Douer Endowed Fund.</marc:subfield>
</marc:datafield>
    <marc:datafield ind1=" " ind2=" " tag="852">
  <marc:subfield code="b">Library at the Herbert D. Katz Center for Advanced Judaic Studies</marc:subfield>
  <marc:subfield code="a">University of Pennsylvania</marc:subfield>
  <marc:subfield code="e">420 Walnut Street, Philadelphia, Pennsylvania 19106-3703.</marc:subfield>
  <marc:subfield code="j">CAJS Rar Ms 504</marc:subfield>
</marc:datafield>
    <marc:datafield ind1="4" ind2="2" tag="856">
  <marc:subfield code="3">The Elis &amp; Ruth Douer Endowed Fund Home Page</marc:subfield>
  <marc:subfield code="u">http://hdl.library.upenn.edu/1017.12/1229047</marc:subfield>
</marc:datafield>
    <marc:datafield ind1="0" ind2=" " tag="880">
  <marc:subfield code="6">130-01//r</marc:subfield>
  <marc:subfield code="a">&#x5DE;&#x5D3;&#x5E8;&#x5E9; &#x5E8;&#x5D1;&#x5D4;.</marc:subfield>
  <marc:subfield code="p">&#x5D0;&#x5D9;&#x5DB;&#x5D4;.</marc:subfield>
</marc:datafield>
    <marc:datafield ind1="1" ind2="0" tag="880">
  <marc:subfield code="6">245-02//r</marc:subfield>
  <marc:subfield code="a">&#x5D0;&#x5D9;&#x5DB;&#x5D4; &#x5E8;&#x5D1;&#x5EA;&#x5D9; &#x5E2;&#x5DD; &#x5EA;&#x5E8;&#x5D2;&#x5D5;&#x5DD; &#x5DE;&#x5DC;&#x5D0;&#x5D9;&#x5D0;&#x5DC;&#x5D0;&#x5DD; &#x5D9;&#x5D4;&#x5D5;&#x5D3;&#x5D9;&#x5EA;.</marc:subfield>
  <marc:subfield code="f">&#x5D1;&#x5D9;&#x5DF; 1850 &#x5DC;-1899.</marc:subfield>
</marc:datafield>
    <marc:datafield ind1="1" ind2=" " tag="880">
  <marc:subfield code="6">700-03//r</marc:subfield>
  <marc:subfield code="a">&#x5E9;&#x5E9;&#x5D5;&#x5DF;, &#x5D3;&#x5D5;&#x5D3; &#x5E9;&#x5DC;&#x5DE;&#x5D4;,</marc:subfield>
  <marc:subfield code="d">1880-1942.</marc:subfield>
  <marc:subfield code="e">&#x5D1;&#x5E2;&#x5DC;&#x5D9;&#x5DD; &#x5E7;&#x5D5;&#x5D3;&#x5DE;&#x5D9;&#x5DD;.</marc:subfield>
</marc:datafield>
    <marc:datafield ind1=" " ind2=" " tag="996">
  <marc:subfield code="a">hinge-right</marc:subfield>
</marc:datafield>
    <marc:holdings>
      <marc:holding>
        <marc:holding_id>22405258080003681</marc:holding_id>
        <marc:call_number>CAJS Rar Ms 504</marc:call_number>
        <marc:library>KatzLib</marc:library>
        <marc:location>cjsrar</marc:location>
      </marc:holding>
    </marc:holdings>
  </marc:record>
</marc:records>
